<record><leader>00000cas a22000007a 4500</leader><controlfield tag="001">5534801</controlfield><controlfield tag="008">791017d1961196unmuwr ne      0    0eng d</controlfield><datafield ind1=" " ind2=" " tag="010"><subfield code="a">sn 94057051 </subfield></datafield><datafield ind1=" " ind2=" " tag="040"><subfield code="a">IQU</subfield><subfield code="c">IQU</subfield><subfield code="d">NVM</subfield><subfield code="d">OCLCQ</subfield></datafield><datafield ind1=" " ind2=" " tag="043"><subfield code="a">n-us-nm</subfield></datafield><datafield ind1=" " ind2=" " tag="090"><subfield code="a">AN2</subfield><subfield code="b">.A378</subfield></datafield><datafield ind1="0" ind2=" " tag="130"><subfield code="a">Albuquerque review (Albuquerque, N.M. : 1961)</subfield></datafield><datafield ind1="1" ind2="4" tag="245"><subfield code="a">The Albuquerque review.</subfield></datafield><datafield ind1=" " ind2=" " tag="260"><subfield code="a">Albuquerque, N.M. :</subfield><subfield code="b">Review Pub. Co.</subfield></datafield><datafield ind1=" " ind2=" " tag="300"><subfield code="a">v.</subfield></datafield><datafield ind1=" " ind2=" " tag="310"><subfield code="a">Weekly</subfield></datafield><datafield ind1="0" ind2=" " tag="362"><subfield code="a">Vol. 1, no. 1 (June 7, 1961)-</subfield></datafield><datafield ind1="1" ind2=" " tag="362"><subfield code="a">Ceased in 1962?</subfield></datafield><datafield ind1=" " ind2="0" tag="651"><subfield code="a">Albuquerque (N.M.)</subfield><subfield code="v">Newspapers.</subfield></datafield><datafield ind1=" " ind2="0" tag="651"><subfield code="a">Bernalillo County (N.M.)</subfield><subfield code="v">Newspapers.</subfield></datafield><datafield ind1=" " ind2=" " tag="752"><subfield code="a">United States</subfield><subfield code="b">New Mexico</subfield><subfield code="c">Bernalillo</subfield><subfield code="d">Albuquerque.</subfield></datafield><datafield ind1=" " ind2=" " tag="994"><subfield code="a">11</subfield><subfield code="b">OCL</subfield><subfield code="i">00208</subfield></datafield></record>